%used
@inproceedings{botea2013pathfinding,
  title={Pathfinding in games},
  author={Botea, Adi and Bouzy, Bruno and Buro, Michael and Bauckhage, Christian and Nau, Dana},
  booktitle={Dagstuhl Follow-Ups},
  volume={6},
  year={2013},
  organization={Schloss Dagstuhl-Leibniz-Zentrum fuer Informatik}
}
%used
@article{botea2004near,
  title={Near optimal hierarchical path-finding},
  author={Botea, Adi and M{\"u}ller, Martin and Schaeffer, Jonathan},
  journal={Journal of game development},
  volume={1},
  number={1},
  pages={7--28},
  year={2004},
  publisher={Citeseer}
}
%used
@inproceedings{botea2011ultra,
  title={Ultra-Fast Optimal Pathfinding without Runtime Search.},
  author={Botea, Adi and others},
  booktitle={AIIDE},
  year={2011}
}
%used
@inproceedings{cazenave2006optimizations,
  title={Optimizations of data structures, heuristics and algorithms for path-finding on maps},
  author={Cazenave, Tristan},
  booktitle={Computational Intelligence and Games, 2006 IEEE Symposium on},
  pages={27--33},
  year={2006},
  organization={IEEE}
}
%used
@article{cui2011based,
  title={A*-based pathfinding in modern computer games},
  author={Cui, Xiao and Shi, Hao},
  journal={International Journal of Computer Science and Network Security},
  volume={11},
  number={1},
  pages={125--130},
  year={2011},
  publisher={International Journal of Computer Science and Network Security (IJCSNS)}
}
%used
@article{cui2011direction,
  title={Direction oriented pathfinding in video games},
  author={Cui, Xiao and Shi, Hao},
  journal={International Journal of Artificial Intelligence \& Applications},
  volume={2},
  number={4},
  pages={1},
  year={2011},
  publisher={Academy \& Industry Research Collaboration Center (AIRCC)}
}
%used
@article{algfoor2015comprehensive,
  title={A comprehensive study on pathfinding techniques for robotics and video games},
  author={Algfoor, Zeyad Abd and Sunar, Mohd Shahrizal and Kolivand, Hoshang},
  journal={International Journal of Computer Games Technology},
  volume={2015},
  pages={7},
  year={2015},
  publisher={Hindawi Publishing Corp.}
}
%used
@inproceedings{kallmann2010navigation,
  title={Navigation queries from triangular meshes},
  author={Kallmann, Marcelo},
  booktitle={International Conference on Motion in Games},
  pages={230--241},
  year={2010},
  organization={Springer}
}
%used
@article{korf1990real,
  title={Real-time heuristic search},
  author={Korf, Richard E},
  journal={Artificial intelligence},
  volume={42},
  number={2-3},
  pages={189--211},
  year={1990},
  publisher={Elsevier}
}
%used
@article{sturtevant2007memory,
  title={Memory-Efficient Abstractions for Pathfinding.},
  author={Sturtevant, Nathan R},
  journal={AIIDE},
  volume={684},
  pages={31--36},
  year={2007}
}
%used
@article{lawrence2013database,
  title={Database-driven real-time heuristic search in video-game pathfinding},
  author={Lawrence, Ramon and Bulitko, Vadim},
  journal={IEEE Transactions on Computational Intelligence and AI in Games},
  volume={5},
  number={3},
  pages={227--241},
  year={2013},
  publisher={IEEE}
}
%used
@inproceedings{harabor2010breaking,
  title={Breaking Path Symmetries on 4-Connected Grid Maps.},
  author={Harabor, Daniel and Botea, Adi and others},
  booktitle={AIIDE},
  year={2010}
}
%used
@article{lester2005pathfinding,
  title={A* pathfinding for beginners},
  author={Lester, Patrick},
  journal={online]. GameDev WebSite. http://www. gamedev. net/reference/articles/article2003. asp (Acesso em 08/02/2009)},
  year={2005}
}
%used
@inproceedings{leigh2007using,
  title={Using a genetic algorithm to explore A*-like pathfinding algorithms},
  author={Leigh, Ryan and Louis, Sushil J and Miles, Chris},
  booktitle={Computational Intelligence and Games, 2007. CIG 2007. IEEE Symposium on},
  pages={72--79},
  year={2007},
  organization={IEEE}
}
%used
@inproceedings{harabor2011online,
  title={Online Graph Pruning for Pathfinding On Grid Maps.},
  author={Harabor, Daniel Damir and Grastien, Alban and others},
  booktitle={AAAI},
  year={2011}
}
%used
@book{millington2016artificial,
  title={Artificial intelligence for games},
  author={Millington, Ian and Funge, John},
  year={2016},
  publisher={CRC Press}
}
%used
@article{wang2012game,
  title={Game ai: Simulating car racing game by applying pathfinding algorithms},
  author={Wang, Jung-Ying and Lin, Yong-Bin},
  journal={International Journal of Machine Learning and Computing},
  volume={2},
  number={1},
  pages={13},
  year={2012},
  publisher={IACSIT Press}
}
%used
@misc{harabor2012fast,
  title={Fast pathfinding via symmetry breaking},
  author={Harabor, Daniel},
  journal={2013-11-20]. http://aigamedev. com/open/tutorial/symmetry-in-pathfinding},
  year={2012}
}
%used
@inproceedings{bulitko2003lookahead,
  title={Lookahead pathologies and meta-level control in real-time heuristic search},
  author={Bulitko, Vadim},
  booktitle={Proceedings of the 15th Euromicro Conference on Real-Time Systems},
  pages={13--16},
  year={2003}
}
%used
@article{hart1968formal,
  title={A formal basis for the heuristic determination of minimum cost paths},
  author={Hart, Peter E and Nilsson, Nils J and Raphael, Bertram},
  journal={IEEE transactions on Systems Science and Cybernetics},
  volume={4},
  number={2},
  pages={100--107},
  year={1968},
  publisher={IEEE}
}
%used
@inproceedings{ferguson2005guide,
  title={A guide to heuristic-based path planning},
  author={Ferguson, Dave and Likhachev, Maxim and Stentz, Anthony},
  booktitle={Proceedings of the international workshop on planning under uncertainty for autonomous systems, international conference on automated planning and scheduling (ICAPS)},
  pages={9--18},
  year={2005}
}
%used
@inproceedings{demyen2006efficient,
  title={Efficient triangulation-based pathfinding},
  author={Demyen, Douglas Jon and Buro, Michael},
  booktitle={Aaai},
  volume={6},
  pages={942--947},
  year={2006}
}
%used
@inproceedings{hale2009full,
  title={Full 3D Spatial Decomposition for the Generation of Navigation Meshes.},
  author={Hale, D Hunter and Youngblood, G Michael},
  booktitle={AIIDE},
  year={2009}
}
%used
@article{jansen2007hpa,
  title={HPA* Enhancements.},
  author={Jansen, M Renee and Buro, Michael},
  journal={AIIDE},
  volume={7},
  pages={84--87},
  year={2007}
}
%used
@inproceedings{togelius20102009,
  title={The 2009 mario ai competition},
  author={Togelius, Julian and Karakovskiy, Sergey and Baumgarten, Robin},
  booktitle={Evolutionary Computation (CEC), 2010 IEEE Congress on},
  pages={1--8},
  year={2010},
  organization={IEEE}
}

